<?xml version = "1.0" encoding = "UTF-8"?><OAI-PMH xmlns="http://www.openarchives.org/OAI/2.0/" xmlns:xsi="http://www.w3.org/2001/XMLSchema-instance" xsi:schemaLocation="http://www.openarchives.org/OAI/2.0/ http://www.openarchives.org/OAI/2.0/OAI-PMH.xsd"><ListRecords><record><header><identifier>aleph-publish:017491332</identifier></header><metadata><record xmlns="http://www.ddb.de/professionell/mabxml/mabxml-1.xsd"><leader>00192nM2.01200024------u</leader><controlfield tag="LDR">00192nM2.01200024------u</controlfield><controlfield tag="FMT">MU</controlfield><datafield tag="001" ind1="-" ind2="1"><subfield code="a">TT002881480</subfield></datafield><datafield tag="001" ind1="-" ind2="2"><subfield code="a">HT002213138</subfield></datafield><datafield tag="002" ind1="a" ind2="1"><subfield code="a">20090528</subfield></datafield><datafield tag="002" ind1="a" ind2="2"><subfield code="a">19991120</subfield></datafield><datafield tag="003" ind1="-" ind2="2"><subfield code="a">20211025124606</subfield></datafield><datafield tag="004" ind1="-" ind2="1"><subfield code="a">20090429</subfield></datafield><datafield tag="010" ind1="-" ind2="1"><subfield code="a">HT002213138</subfield></datafield><datafield tag="020" ind1="a" ind2="2"><subfield code="a">716592-4</subfield><subfield code="b">DNB</subfield></datafield><datafield tag="025" ind1="a" ind2="2"><subfield code="a">013870920</subfield></datafield><datafield tag="025" ind1="z" ind2="2"><subfield code="a">716592-4</subfield></datafield><datafield tag="025" ind1="o" ind2="2"><subfield code="a">638148782</subfield></datafield><datafield tag="026" ind1="-" ind2="2"><subfield code="a">ZDB716592-4</subfield></datafield><controlfield tag="030">a|1uc||||||||</controlfield><datafield tag="036" ind1="a" ind2="2"><subfield code="a">XA-DE</subfield></datafield><datafield tag="037" ind1="b" ind2="2"><subfield code="a">ger</subfield></datafield><controlfield tag="050">a|||||||||||||</controlfield><datafield tag="060" ind1="-" ind2="2"><subfield code="b">txt</subfield><subfield code="a">Text</subfield></datafield><datafield tag="061" ind1="-" ind2="2"><subfield code="b">n</subfield><subfield code="a">ohne Hilfsmittel zu benutzen</subfield></datafield><datafield tag="062" ind1="-" ind2="2"><subfield code="b">nc</subfield><subfield code="a">Band</subfield></datafield><datafield tag="064" ind1="a" ind2="2"><subfield code="a">Zeitschrift</subfield><subfield code="9">(DE-588)4067488-5</subfield></datafield><datafield tag="070" ind1="-" ind2="1"><subfield code="a">1042</subfield></datafield><datafield tag="070" ind1="-" ind2="2"><subfield code="a">9001</subfield></datafield><datafield tag="070" ind1="a" ind2="1"><subfield code="a">1042</subfield></datafield><datafield tag="070" ind1="a" ind2="2"><subfield code="a">DNB</subfield></datafield><datafield tag="070" ind1="b" ind2="2"><subfield code="a">0012</subfield></datafield><datafield tag="073" ind1="-" ind2="2"><subfield code="a">3,2</subfield></datafield><datafield tag="073" ind1="-" ind2="2"><subfield code="a">3,8</subfield></datafield><datafield tag="073" ind1="-" ind2="2"><subfield code="a">20,1</subfield></datafield><datafield tag="078" ind1="n" ind2="2"><subfield code="a">NWBib-Zeitschrift</subfield></datafield><controlfield tag="089">28(2005) Heft 2</controlfield><datafield tag="090" ind1="-" ind2="1"><subfield code="a">28(2005) Heft 2</subfield></datafield><datafield tag="100" ind1="b" ind2="2"><subfield code="p">Eichhorn, Peter</subfield><subfield code="d">1939-</subfield><subfield code="4">edt</subfield><subfield code="3">Herausgeber</subfield><subfield code="9">(DE-588)120283905</subfield></datafield><datafield tag="101" ind1="-" ind2="2"><subfield code="p">Anders, Peter E.</subfield><subfield code="d">1939-</subfield></datafield><datafield tag="104" ind1="b" ind2="2"><subfield code="p">Loesch, Achim &lt;&lt;von&gt;&gt;</subfield><subfield code="d">1923-2019</subfield><subfield code="4">edt</subfield><subfield code="3">Herausgeber</subfield><subfield code="9">(DE-588)123090989</subfield></datafield><datafield tag="200" ind1="b" ind2="2"><subfield code="k">Gesellschaft für Öffentliche Wirtschaft</subfield><subfield code="4">isb</subfield><subfield code="3">Herausgebendes Organ</subfield><subfield code="9">(DE-588)39836-6</subfield></datafield><datafield tag="201" ind1="-" ind2="2"><subfield code="k">GÖW</subfield></datafield><datafield tag="331" ind1="-" ind2="2"><subfield code="a">Zeitschrift für öffentliche und gemeinwirtschaftliche Unternehmen</subfield></datafield><datafield tag="335" ind1="-" ind2="2"><subfield code="a">ZögU ; zugleich Organ des Bundesverbandes Öffentliche Dienstleistungen - Deutsche Sektion des CEEP</subfield></datafield><datafield tag="341" ind1="-" ind2="2"><subfield code="a">Journal for public and nonprofit services</subfield></datafield><datafield tag="370" ind1="a" ind2="2"><subfield code="a">Journal for public and nonprofit services</subfield></datafield><datafield tag="370" ind1="a" ind2="2"><subfield code="a">ZögU</subfield></datafield><datafield tag="375" ind1="e" ind2="2"><subfield code="a">zugl. Organ der Gesellschaft für Öffentliche Wirtschaft</subfield><subfield code="f">Zusatz bis 29.2007</subfield></datafield><datafield tag="376" ind1="c" ind2="2"><subfield code="a">Zeitschrift für öffentliche und gemeinwirtschaftliche Unternehmen</subfield></datafield><datafield tag="405" ind1="-" ind2="2"><subfield code="a">1.1978-43. Jahrgang, 4 (2020)</subfield></datafield><datafield tag="406" ind1="a" ind2="2"><subfield code="d">1</subfield><subfield code="j">1978</subfield><subfield code="n">43</subfield><subfield code="o">4</subfield><subfield code="k">2020</subfield></datafield><datafield tag="419" ind1="-" ind2="2"><subfield code="a">Baden-Baden</subfield><subfield code="b">Nomos-Verl.-Ges.</subfield><subfield code="c">1978-[2020]</subfield><subfield code="A">3</subfield></datafield><datafield tag="425" ind1="b" ind2="2"><subfield code="a">1978</subfield></datafield><datafield tag="425" ind1="c" ind2="2"><subfield code="a">2020</subfield></datafield><datafield tag="431" ind1="-" ind2="2"><subfield code="a">Enthält Indices</subfield></datafield><datafield tag="433" ind1="-" ind2="1"><subfield code="a">S. 93-210</subfield></datafield><datafield tag="435" ind1="-" ind2="2"><subfield code="a">23 cm</subfield></datafield><datafield tag="501" ind1="-" ind2="2"><subfield code="a">Parallelsacht. ab 26.2003</subfield></datafield><datafield tag="509" ind1="-" ind2="2"><subfield code="p">Beteil. Körp. bis 11.1988</subfield><subfield code="a">Gesellschaft für Öffentliche Wirtschaft und Gemeinwirtschaft; Hrsg. bis 1983: Peter Eichhorn u. Achim von Loesch</subfield></datafield><datafield tag="523" ind1="-" ind2="2"><subfield code="a">Ersch. 4x jährl.</subfield></datafield><datafield tag="537" ind1="-" ind2="2"><subfield code="a">703!(04-02-21)B212!u.101b!Forts.(26-05-21)</subfield></datafield><datafield tag="542" ind1="a" ind2="2"><subfield code="a">0344-9777</subfield></datafield><datafield tag="542" ind1="a" ind2="2"><subfield code="a">0344-9777</subfield><subfield code="b">(ISSN-Zentrum für Deutschland)</subfield></datafield><datafield tag="574" ind1="-" ind2="2"><subfield code="a">78,A50,0268</subfield></datafield><datafield tag="583" ind1="-" ind2="2"><subfield code="a">Archivierung/Langzeitarchivierung gewährleistet</subfield><subfield code="f">PEBW</subfield><subfield code="5">DE-31</subfield><subfield code="2">pdager</subfield></datafield><datafield tag="700" ind1="-" ind2="2"><subfield code="a">330</subfield><subfield code="2">DNB</subfield></datafield><datafield tag="700" ind1="-" ind2="2"><subfield code="a">330</subfield><subfield code="2">ZDB</subfield></datafield><datafield tag="700" ind1="l" ind2="2"><subfield code="a">650 ; 600</subfield></datafield><datafield tag="700" ind1="w" ind2="2"><subfield code="a">012000*zs</subfield></datafield><datafield tag="700" ind1="t" ind2="2"><subfield code="a">WIR 532z</subfield></datafield><datafield tag="710" ind1="a" ind2="2"><subfield code="a">Öffentliche Unternehmung</subfield></datafield><datafield tag="710" ind1="a" ind2="2"><subfield code="a">Gemeinwirtschaftliche Unternehmung</subfield></datafield><datafield tag="770" ind1="-" ind2="2"><subfield code="i">Beih.</subfield><subfield code="t">Zeitschrift für öffentliche und gemeinwirtschaftliche Unternehmen / Beiheft. Beiheft</subfield><subfield code="d">Baden-Baden : Nomos, 1978-</subfield><subfield code="9">HT011194461</subfield></datafield><datafield tag="776" ind1="-" ind2="2"><subfield code="i">Erscheint auch als</subfield><subfield code="n">Online-Ausgabe</subfield><subfield code="t">Zeitschrift für öffentliche und gemeinwirtschaftliche Unternehmen</subfield><subfield code="d">Baden-Baden : Nomos-Verl.-Ges., 1978-[2020]</subfield><subfield code="h">Online-Ressource</subfield><subfield code="x">2701-4215</subfield><subfield code="9">HT016876372</subfield></datafield><datafield tag="780" ind1="-" ind2="2"><subfield code="i">Darin aufgegangen</subfield><subfield code="t">&lt;&lt;Die&gt;&gt; Öffentliche Wirtschaft und Gemeinwirtschaft</subfield><subfield code="d">Hamburg : Hammonia-Verl., 1973-1984</subfield><subfield code="x">0343-1479</subfield><subfield code="A">5</subfield><subfield code="9">HT006903395</subfield></datafield><datafield tag="785" ind1="-" ind2="2"><subfield code="i">Fortgesetzt durch</subfield><subfield code="t">Zeitschrift für Gemeinwirtschaft  und Gemeinwohl</subfield><subfield code="d">Baden-Baden : Nomos, [2021]-</subfield><subfield code="h">Bände</subfield><subfield code="x">2701-4193</subfield><subfield code="A">0</subfield><subfield code="9">HT020545966</subfield></datafield><datafield tag="902" ind1="-" ind2="2"><subfield code="s">Gemeinwirtschaftliches Unternehmen</subfield><subfield code="9">(DE-588)4206575-6</subfield></datafield><datafield tag="902" ind1="-" ind2="2"><subfield code="s">Zeitschrift</subfield><subfield code="9">(DE-588)4067488-5</subfield></datafield><datafield tag="904" ind1="a" ind2="2"><subfield code="a">ZDB</subfield></datafield><datafield tag="907" ind1="-" ind2="2"><subfield code="s">Öffentliches Unternehmen</subfield><subfield code="9">(DE-588)4075581-2</subfield></datafield><datafield tag="907" ind1="-" ind2="2"><subfield code="s">Zeitschrift</subfield><subfield code="9">(DE-588)4067488-5</subfield></datafield><datafield tag="909" ind1="a" ind2="2"><subfield code="a">ZDB</subfield></datafield><datafield tag="912" ind1="-" ind2="2"><subfield code="s">Gemeinwirtschaftliches Unternehmen</subfield><subfield code="9">(DE-588)4206575-6</subfield></datafield><datafield tag="912" ind1="-" ind2="2"><subfield code="f">Zeitschrift</subfield></datafield><datafield tag="914" ind1="a" ind2="2"><subfield code="a">ZDB</subfield></datafield><datafield tag="917" ind1="-" ind2="2"><subfield code="s">Öffentliches Unternehmen</subfield><subfield code="9">(DE-588)4075581-2</subfield></datafield><datafield tag="917" ind1="-" ind2="2"><subfield code="f">Zeitschrift</subfield></datafield><datafield tag="919" ind1="a" ind2="2"><subfield code="a">ZDB</subfield></datafield><controlfield tag="SYS">017491332</controlfield><datafield tag="952" ind1="-" ind2="2"><subfield code="s">Gemeinwirtschaftlicher Betrieb</subfield></datafield><datafield tag="952" ind1="-" ind2="2"><subfield code="s">Periodikum</subfield></datafield><datafield tag="952" ind1="-" ind2="2"><subfield code="s">Zeitschriften</subfield></datafield><datafield tag="957" ind1="-" ind2="2"><subfield code="s">Öffentliche Sektor</subfield><subfield code="x">Unternehmen</subfield></datafield><datafield tag="957" ind1="-" ind2="2"><subfield code="s">Öffentliche Unternehmung</subfield></datafield><datafield tag="957" ind1="-" ind2="2"><subfield code="s">Öffentlicher Betrieb</subfield></datafield><datafield tag="957" ind1="-" ind2="2"><subfield code="s">Staatsunternehmen</subfield><subfield code="x">Westliche Welt</subfield></datafield><datafield tag="957" ind1="-" ind2="2"><subfield code="s">Periodikum</subfield></datafield><datafield tag="957" ind1="-" ind2="2"><subfield code="s">Zeitschriften</subfield></datafield><datafield tag="962" ind1="-" ind2="2"><subfield code="s">Gemeinwirtschaftlicher Betrieb</subfield></datafield><datafield tag="967" ind1="-" ind2="2"><subfield code="s">Öffentliche Sektor</subfield><subfield code="x">Unternehmen</subfield></datafield><datafield tag="967" ind1="-" ind2="2"><subfield code="s">Öffentliche Unternehmung</subfield></datafield><datafield tag="967" ind1="-" ind2="2"><subfield code="s">Öffentlicher Betrieb</subfield></datafield><datafield tag="967" ind1="-" ind2="2"><subfield code="s">Staatsunternehmen</subfield><subfield code="x">Westliche Welt</subfield></datafield><datafield tag="088" ind1=" " ind2=" "><subfield code="a">1042</subfield><subfield code="c">bwl A 102 1. Ex.</subfield><subfield code="e">Keine Angabe</subfield></datafield><datafield tag="088" ind1=" " ind2=" "><subfield code="a">1042</subfield><subfield code="c">bwl A 102 2. Ex.</subfield><subfield code="e">Keine Angabe</subfield></datafield><datafield tag="088" ind1=" " ind2=" "><subfield code="a">1042</subfield><subfield code="c">bwl A 102 3. Ex.</subfield><subfield code="e">Keine Angabe</subfield></datafield><datafield tag="088" ind1=" " ind2=" "><subfield code="a">1042</subfield><subfield code="c">bwl A 102 4. Ex.</subfield><subfield code="e">Keine Angabe</subfield></datafield><datafield tag="088" ind1=" " ind2=" "><subfield code="a">1042</subfield><subfield code="c">bwl A 102 5. Ex.</subfield><subfield code="e">Keine Angabe</subfield></datafield><datafield tag="088" ind1=" " ind2=" "><subfield code="a">1042</subfield><subfield code="c">bwl A 102 6. Ex.</subfield><subfield code="e">Keine Angabe</subfield></datafield><datafield tag="088" ind1=" " ind2=" "><subfield code="a">1042</subfield><subfield code="c">bwl A 102 7. Ex.</subfield><subfield code="e">Keine Angabe</subfield></datafield><datafield tag="088" ind1=" " ind2=" "><subfield code="a">1042</subfield><subfield code="c">bwl A 102 8. Ex.</subfield><subfield code="e">Keine Angabe</subfield></datafield><datafield tag="088" ind1=" " ind2=" "><subfield code="a">1042</subfield><subfield code="c">bwl A 102 9. Ex.</subfield><subfield code="e">Keine Angabe</subfield></datafield><datafield tag="088" ind1=" " ind2=" "><subfield code="a">1042</subfield><subfield code="c">bwl A 102 10. Ex.</subfield><subfield code="e">Keine Angabe</subfield></datafield></record></metadata></record></ListRecords></OAI-PMH>